<?xml version="1.0" encoding="UTF-8"?><collection xmlns="http://www.loc.gov/MARC21/slim"><record><leader>00522nam--2200193-u-4500</leader><controlfield tag="001">000056776</controlfield><controlfield tag="002">20190705</controlfield><controlfield tag="005">20190705042238</controlfield><controlfield tag="008">190705s1000------------r-----000-0-eng-d</controlfield><datafield ind1=" " ind2=" " tag="040"><subfield code="a">IFIN-HH</subfield></datafield><datafield ind1=" " ind2=" " tag="041"><subfield code="a">eng</subfield></datafield><datafield ind1="1" ind2=" " tag="100"><subfield code="a">Sveshnikov, A. G</subfield></datafield><datafield ind1="1" ind2="0" tag="245"><subfield code="a">The Theory of Functions of a Complex Variable</subfield><subfield code="c">A.G. Sveshnikov; A.N. Tikhonov</subfield></datafield><datafield ind1=" " ind2=" " tag="260"><subfield code="a">Moscow</subfield><subfield code="b">Mir Publishers</subfield><subfield code="c">1973</subfield></datafield><datafield ind1=" " ind2=" " tag="300"><subfield code="a">311 p</subfield></datafield><datafield ind1=" " ind2=" " tag="500"><subfield code="a">Donatie Dan Brancus</subfield></datafield><datafield ind1="1" ind2=" " tag="700"><subfield code="a">Tikhonov, A. N</subfield></datafield><datafield ind1=" " ind2=" " tag="852"><subfield code="a">82728</subfield><subfield code="c">517.53</subfield></datafield><datafield ind1=" " ind2=" " tag="CAT"><subfield code="a">SYS</subfield><subfield code="c">20190705</subfield><subfield code="h">042238</subfield></datafield></record></collection>